<?xml version="1.0" encoding="UTF-8"?><collection xmlns="http://www.loc.gov/MARC21/slim"><record><leader>00362nam--2200145-i-4500</leader><controlfield tag="001">000029308</controlfield><controlfield tag="002">20161230</controlfield><controlfield tag="005">20170206152414</controlfield><controlfield tag="008">060222s1000------------r-----000-0-eng-d</controlfield><datafield ind1=" " ind2=" " tag="080"><subfield code="a">624:72(038)</subfield></datafield><datafield ind1=" " ind2=" " tag="245"><subfield code="a">Lexicon de constructii si arhitectura</subfield></datafield><datafield ind1=" " ind2=" " tag="260"><subfield code="a">Bucuresti</subfield><subfield code="b">Ed.Tehnica</subfield><subfield code="c">1986-1988</subfield></datafield><datafield ind1=" " ind2=" " tag="300"><subfield code="a">419 p</subfield></datafield><datafield ind1=" " ind2=" " tag="852"><subfield code="a">D.692</subfield></datafield><datafield ind1=" " ind2=" " tag="CAT"><subfield code="a">SYS</subfield><subfield code="c">20170206</subfield><subfield code="h">152414</subfield></datafield></record></collection>